@article{Atari,
	Abstract = {},
	Author = {Mnih et al.},
	Journal = {Review of Scientific Instruments},
	Month = {December},
	Number = {12},
	Numpages = {3},
	Pages = {4477--4479},
	Title = {Playing Atari with Deep Reinforcement Learning},
	Volume = {72},
	Url = {http://link.aip.org/link/?RSI/72/4477/1},
	Year = {2013}}
	
@article{AlphaGo,
	Abstract = {},
	Author = {Silver et al.},
	Journal = {Review of Scientific Instruments},
	Month = {December},
	Number = {12},
	Numpages = {3},
	Pages = {4477--4479},
	Title = {Mastering the game of Go with deep neural networks and tree search},
	Volume = {72},
	Url = {http://link.aip.org/link/?RSI/72/4477/1},
	Year = {2016}}
	
@article{Curriculum,
	Abstract = {},
	Author = {Narvekar et al.},
	Journal = {Review of Scientific Instruments},
	Month = {December},
	Number = {12},
	Numpages = {3},
	Pages = {4477--4479},
	Title = {Source Task Creation for Curriculum Learning},
	Volume = {72},
	Url = {http://link.aip.org/link/?RSI/72/4477/1},
	Year = {2016}}
	
@article{AlexNet,
	Abstract = {},
	Author = {Krizhevsky et al.},
	Journal = {Review of Scientific Instruments},
	Month = {December},
	Number = {12},
	Numpages = {3},
	Pages = {4477--4479},
	Title = {ImageNet Classification with Deep Convolutional Neural Networks},
	Volume = {72},
	Url = {http://link.aip.org/link/?RSI/72/4477/1},
	Year = {2016}}
	
@article{TextGamesLSTM,
	Abstract = {},
	Author = {Narasimhan et al.},
	Journal = {Review of Scientific Instruments},
	Month = {December},
	Number = {12},
	Numpages = {3},
	Pages = {4477--4479},
	Title = {Language Understanding for Text-based Games using Deep Reinforcement Learning},
	Volume = {72},
	Url = {http://link.aip.org/link/?RSI/72/4477/1},
	Year = {2016}}
	
@article{RLRNN,
	Abstract = {},
	Author = {HAM Sch√§fer},
	Journal = {Review of Scientific Instruments},
	Month = {December},
	Number = {12},
	Numpages = {3},
	Pages = {4477--4479},
	Title = {Reinforcement Learning with Recurrent Neural Networks},
	Volume = {72},
	Url = {https://repositorium.uni-osnabrueck.de/bitstream/urn:nbn:de:gbv:700-2008112111/2/E-Diss839_thesis.pdf},
	Year = {2016}}
	